@misc{tsx-intro,
  author	= {Intel Blog},
  title		= {Transactional Synchronization in Haswell},  
  year		= {2013},
  howpublished  = {\url{http://software.intel.com/en-us/tags/17706}}
}

@misc{tsx-guide,
  author	= {Intel},
  title		= {Intrinsics for Restricted Transactional Memory Operations},
  booktitle = {IntelÂ® C++ Compiler XE 13.1 User and Reference Guide},
  year		= {2013},
  howpublished  = {\url{http://software.intel.com/sites/products/documentation/doclib/iss/2013/compiler/cpp-lin/index.htm}}
}

@book{tm,
 author = {Harris, Tim and Larus, James and Rajwar, Ravi},
 title = {Transactional Memory, 2Nd Edition},
 year = {2010},
 isbn = {1608452352, 9781608452354},
 edition = {2nd},
 publisher = {Morgan and Claypool Publishers},
} 

@misc{htm,
  author	= {David Kanter},
  title		= {Haswell Transactional Memory Alternatives},  
  year		= {2012},
  howpublished  = {\url{http://www.realworldtech.com/haswell-tm-alt/}}
}

@misc{tsx-tools,
  author	= {Andi Kleen},
  title		= {TSX Tools},  
  year		= {2013},
  howpublished  = {\url{https://github.com/andikleen/tsx-tools}}
}

@misc{lwn,
  author	= {Andi Kleen},
  title		= {Lock elision in the GNU C library},  
  year		= {2013},
  howpublished  = {\url{http://lwn.net/Articles/534758/}}
}

@misc{htm,
  author	= {David Kanter},
  title		= {Haswell Transactional Memory Alternatives},  
  year		= {2013},
  howpublished  = {\url{http://www.realworldtech.com/haswell-tm-alt/}}
}


@inproceedings{Herlihy93,
    author = {Herlihy, Maurice and Moss, J. Eliot B.},
    title = {Transactional memory: architectural support for lock-free data structures},
    booktitle = {Proceedings of the 20th annual international symposium on computer architecture},
    series = {ISCA '93},
    year = {1993},
    isbn = {0-8186-3810-9},
    location = {San Diego, California, USA},
    pages = {289--300},
    numpages = {12},
    acmid = {165164},
    publisher = {ACM},
    address = {New York, NY, USA}
} 

@article{tran2010,
  title={On Transactional Memory, Spinlocks, and Database Transactions},
  author={Tran, Khai Q and Blanas, Spyros and Naughton, Jeffrey F},
  year={2010}
}

@article{cacm08,
    author    = {Calin Cascaval and Colin Blundell and Maged M. Michael and Harold W. Cain and
            Peng Wu and Stefanie Chiras and Siddhartha Chatterjee},
    title     = {Software transactional memory: why is it only a research toy?},
    journal   = {Commun. ACM},
    volume    = {51},
    number    = {11},
    year      = {2008},
    pages     = {40-46},
}
